<collection xmlns="http://www.loc.gov/MARC21/slim">
   <record>
      <leader>02370cam a2200481 i 45 0</leader>
      <controlfield tag="001">6815137</controlfield>
      <controlfield tag="003">UkOxU</controlfield>
      <controlfield tag="005">20141203074029.0</controlfield>
      <controlfield tag="008">140909s2015    enk      b    001 0|eng d</controlfield>
      <datafield ind1=" " ind2=" " tag="010">
         <subfield code="a">2014946815</subfield>
      </datafield>
      <datafield ind1=" " ind2=" " tag="015">
         <subfield code="a">GBB4A1746</subfield>
         <subfield code="2">bnb</subfield>
      </datafield>
      <datafield ind1=" " ind2=" " tag="020">
         <subfield code="a">9780199664153</subfield>
      </datafield>
      <datafield ind1=" " ind2=" " tag="035">
         <subfield code="a">ocn884242472</subfield>
      </datafield>
      <datafield ind1=" " ind2=" " tag="040">
         <subfield code="a">StDuBDS</subfield>
         <subfield code="b">eng</subfield>
         <subfield code="c">StDuBDS</subfield>
         <subfield code="e">rda</subfield>
         <subfield code="d">CaOTV</subfield>
         <subfield code="d">AESJC</subfield>
      </datafield>
      <datafield ind1="0" ind2="4" tag="082">
         <subfield code="a">201.63053</subfield>
         <subfield code="2">23</subfield>
      </datafield>
      <datafield ind1=" " ind2=" " tag="090">
         <subfield code="a">BT 708 O94 2015</subfield>
         <subfield code="b">ACHCU</subfield>
      </datafield>
      <datafield ind1=" " ind2=" " tag="090">
         <subfield code="a">BT 708 O94 2015</subfield>
         <subfield code="b">AESJC</subfield>
      </datafield>
      <datafield ind1=" " ind2=" " tag="090">
         <subfield code="a">BT708 .O94 2015</subfield>
         <subfield code="b">AEGMCT</subfield>
      </datafield>
      <datafield ind1=" " ind2=" " tag="090">
         <subfield code="a">BT 708 O98 2015</subfield>
         <subfield code="b">AEKC</subfield>
      </datafield>
      <datafield ind1="0" ind2="4" tag="245">
         <subfield code="a">The Oxford handbook of theology, sexuality, and gender /</subfield>
         <subfield code="c">edited by Adrian Thatcher.</subfield>
      </datafield>
      <datafield ind1="3" ind2="0" tag="246">
         <subfield code="a">Theology, sexuality, and gender.</subfield>
      </datafield>
      <datafield ind1=" " ind2=" " tag="250">
         <subfield code="a">First edition.</subfield>
      </datafield>
      <datafield ind1=" " ind2="1" tag="264">
         <subfield code="a">Oxford :</subfield>
         <subfield code="b">Oxford University Press,</subfield>
         <subfield code="c">2015.</subfield>
      </datafield>
      <datafield ind1=" " ind2=" " tag="300">
         <subfield code="a">xi, 719 pages ;</subfield>
         <subfield code="c">25 cm</subfield>
      </datafield>
      <datafield ind1=" " ind2=" " tag="336">
         <subfield code="a">text</subfield>
         <subfield code="2">rdacontent</subfield>
         <subfield code="0">http://id.loc.gov/vocabulary/contentTypes/txt</subfield>
      </datafield>
      <datafield ind1=" " ind2=" " tag="337">
         <subfield code="a">unmediated</subfield>
         <subfield code="2">rdamedia</subfield>
         <subfield code="0">http://id.loc.gov/vocabulary/mediaTypes/n</subfield>
      </datafield>
      <datafield ind1=" " ind2=" " tag="338">
         <subfield code="a">volume</subfield>
         <subfield code="2">rdacarrier</subfield>
         <subfield code="0">http://id.loc.gov/vocabulary/carriers/nc</subfield>
      </datafield>
      <datafield ind1="1" ind2=" " tag="490">
         <subfield code="a">Oxford handbooks in religion and theology.</subfield>
      </datafield>
      <datafield ind1=" " ind2=" " tag="504">
         <subfield code="a">Includes bibliographical references and index.</subfield>
      </datafield>
      <datafield ind1=" " ind2=" " tag="596">
         <subfield code="a">23 29 31 49</subfield>
      </datafield>
      <datafield ind1=" " ind2="0" tag="650">
         <subfield code="a">Religion.</subfield>
         <subfield code="0">http://id.loc.gov/authorities/subjects/sh85112549</subfield>
      </datafield>
      <datafield ind1=" " ind2="0" tag="650">
         <subfield code="a">Theology.</subfield>
         <subfield code="0">http://id.loc.gov/authorities/subjects/sh85134665</subfield>
      </datafield>
      <datafield ind1=" " ind2="0" tag="650">
         <subfield code="a">Gender identity.</subfield>
         <subfield code="0">http://id.loc.gov/authorities/subjects/sh91003756</subfield>
      </datafield>
      <datafield ind1=" " ind2="0" tag="650">
         <subfield code="a">Sex</subfield>
         <subfield code="x">Religious aspects</subfield>
         <subfield code="0">http://id.loc.gov/authorities/subjects/sh85120553</subfield>
      </datafield>
      <datafield ind1=" " ind2="0" tag="650">
         <subfield code="a">Sex role</subfield>
         <subfield code="x">Religious aspects</subfield>
         <subfield code="0">http://id.loc.gov/authorities/subjects/sh85120664</subfield>
      </datafield>
      <datafield ind1="1" ind2=" " tag="700">
         <subfield code="a">Thatcher, Adrian,</subfield>
         <subfield code="e">editor.</subfield>
         <subfield code="0">http://id.loc.gov/authorities/names/n77010262</subfield>
         <subfield code="0">http://viaf.org/viaf/85234889</subfield>
      </datafield>
      <datafield ind1=" " ind2=" " tag="758">
         <subfield code="0">http://worldcat.org/entity/work/id/23900737</subfield>
      </datafield>
      <datafield ind1="0" ind2=" " tag="787">
         <subfield code="n">OCLC Work Id</subfield>
         <subfield code="o">http://worldcat.org/entity/work/id/23900737</subfield>
      </datafield>
      <datafield ind1=" " ind2="0" tag="830">
         <subfield code="a">Oxford handbooks in religion and theology</subfield>
      </datafield>
      <datafield ind1=" " ind2=" " tag="926">
         <subfield code="a">BT 708 O94 2015</subfield>
         <subfield code="w">AUTO</subfield>
         <subfield code="c">1</subfield>
         <subfield code="i">0160000520330</subfield>
         <subfield code="d">1/10/2017</subfield>
         <subfield code="e">1/10/2017</subfield>
         <subfield code="k">CHECKEDOUT</subfield>
         <subfield code="l">ON_SHELF</subfield>
         <subfield code="m">UASJC</subfield>
         <subfield code="n">4</subfield>
         <subfield code="r">M</subfield>
         <subfield code="s">Y</subfield>
         <subfield code="t">BOOK</subfield>
         <subfield code="u">3/6/2015</subfield>
      </datafield>
      <datafield ind1=" " ind2=" " tag="926">
         <subfield code="a">BT708 .O94 2015</subfield>
         <subfield code="w">LC</subfield>
         <subfield code="c">1</subfield>
         <subfield code="i">1007557265</subfield>
         <subfield code="d">5/5/2015</subfield>
         <subfield code="l">ON_SHELF</subfield>
         <subfield code="m">GR_MACEWAN</subfield>
         <subfield code="p">$174.57</subfield>
         <subfield code="r">Y</subfield>
         <subfield code="s">Y</subfield>
         <subfield code="t">BOOK</subfield>
         <subfield code="u">4/21/2015</subfield>
      </datafield>
      <datafield ind1=" " ind2=" " tag="926">
         <subfield code="a">BT 708 O94 2015</subfield>
         <subfield code="w">LC</subfield>
         <subfield code="c">1</subfield>
         <subfield code="i">32860001098713</subfield>
         <subfield code="d">3/20/2017</subfield>
         <subfield code="e">3/19/2017</subfield>
         <subfield code="l">ON_SHELF</subfield>
         <subfield code="m">BURMAN</subfield>
         <subfield code="n">4</subfield>
         <subfield code="r">Y</subfield>
         <subfield code="s">Y</subfield>
         <subfield code="t">BOOK</subfield>
         <subfield code="u">7/26/2016</subfield>
      </datafield>
      <datafield ind1=" " ind2=" " tag="926">
         <subfield code="a">BT 708 O98 2015</subfield>
         <subfield code="w">LC</subfield>
         <subfield code="c">1</subfield>
         <subfield code="i">3197900656639</subfield>
         <subfield code="l">ON_SHELF</subfield>
         <subfield code="m">KINGS</subfield>
         <subfield code="r">Y</subfield>
         <subfield code="s">Y</subfield>
         <subfield code="t">BOOK</subfield>
         <subfield code="u">10/25/2016</subfield>
      </datafield>
   </record>
</collection>
